3010 5088
735 486 995 564 ..sc-

346 686 420 745 sont
447 676 580 747 nomina.
623 678 688 742 Nec
721 686 826 741 tamen
859 678 997 741 annexit
1022 672 1195 739 Boeciihius
1228 682 1261 739 et
1287 696 1375 741 nuum
1449 714 1450 717 =

346 802 445 863 attero
474 798 669 876 defenditur,
698 804 734 861 ut
763 800 817 880 qui
846 805 955 862 cantus
976 805 1027 862 est
1048 797 1173 859 criticus
1194 798 1378 863 abstinente

346 918 551 1000 corrigendo,
574 914 745 996 Εὐξίππη,
768 914 961 1003 Εὐριπίδης.
1005 918 1222 986 Priusnomen
1236 919 1379 982 cliticon

345 1047 505 1121 repertum
516 1037 775 1120 Wyttenbachius
786 1055 824 1099 ex
837 1037 960 1100 duobus
977 1037 1067 1100 codd.
1084 1036 1181 1099 Paris.
1208 1037 1379 1115 Plutarcho,
1450 1034 1451 1091 i

347 1158 400 1238 qui
427 1160 556 1235 dicitur,
583 1156 723 1219 restituit
743 1157 864 1219 Narrat.
886 1158 988 1221 Amat.
1010 1159 1059 1221 lii.
1080 1178 1111 1239 p.
1133 1158 1185 1220 ta.
1208 1158 1249 1219 lu
1270 1157 1378 1221 Wincir.

345 1278 494 1341 Probarit
522 1264 769 1340 emendationem
795 1295 933 1358 nuperus
963 1279 1086 1358 editor,
1117 1280 1194 1344 olim
1222 1284 1288 1342 erat
1310 1275 1378 1343 Eo’c
1451 1308 1452 1355 ι

346 1393 471 1475 ξίππης
499 1399 580 1460 ιιιιΙυ
603 1393 784 1476 Ζευξίππη.
1451 1362 1452 1411 ³

429 1517 478 1581 Eo
498 1525 601 1579 sutem
624 1536 704 1598 quse
717 1537 755 1580 ex
769 1518 1025 1600 inscriptionibus
1039 1519 1118 1599 petii
1128 1520 1254 1582 nomina
1267 1518 1381 1581 ntiom

347 1639 450 1700 sanari
467 1643 600 1718 possunt
618 1637 745 1701 minime
763 1638 909 1701 violento.
953 1640 1062 1703 Scribe
1081 1640 1176 1702 modo
1199 1634 1382 1722 Εὐρίππη
1451 1614 1453 1739 i

348 1763 382 1823 et
409 1752 697 1843 Εὑριππίδης,
723 1777 754 1821 ι.
782 1758 914 1823 Pausan.
940 1759 1018 1822 Vlli.
1043 1760 1093 1821 14.
1121 1759 1152 1820 4.
1181 1751 1382 1844 ἱδρύσασθαι

348 1872 539 1958 (Ὀδυσσέα)
568 1876 628 1959 μὲν
656 1870 746 1962 ἱερὸν
775 1878 932 1941 ἐνταῦθα
962 1878 1013 1955 (ἐν
1041 1874 1167 1960 Φενεῷ)
1194 1871 1383 1959 ’Λρτίμιὸος
1452 1916 1454 2005 ρ

348 1995 405 2059 καὶ
427 1991 651 2079 Εὑρίππαν
673 1993 915 2078 ὀνομασθῆναι
936 1988 998 2076 υὴυ
1018 1987 1123 2069 θεόν,
1146 1994 1238 2057 ἔνθα
1253 1998 1312 2073 τῆς
1330 1992 1383 2057 Φε-

347 2117 503 2192 νεατικῆς
524 2108 636 2199 χώρας
658 2103 730 2202 εὗρε
750 2109 814 2191 τὰς
836 2119 968 2188 ἵππους.
1011 2114 1207 2194 Magnopere
1226 2114 1384 2175 mihiirsno

347 2232 505 2297 medelam
529 2235 701 2315 placuisse,
731 2252 826 2314 quum
855 2234 989 2315 primum
1015 2234 1187 2295 Pausaniae
1215 2235 1309 2295 verba
1336 2233 1384 2292 ad·

348 2351 537 2430 hibuissam,
564 2354 701 2432 ingenue
728 2354 840 2416 isteor.
885 2353 940 2414 Sin
963 2352 1055 2413 aliter
1075 2353 1142 2417 aliis
1165 2352 1264 2416 visum
1285 2352 1383 2426 fuerit,

348 2489 412 2539 non
434 2472 567 2537 obstabo
589 2473 753 2553 quominus
774 2473 830 2534 iiis
851 2473 890 2534 ab
913 2466 1007 2558 εὐρύς
1028 2479 1062 2533 et
1084 2475 1185 2546 ἵππος
1201 2476 1384 2555 repetantur,
1454 2518 1455 2521 ¹

348 2596 385 2654 ut
414 2593 478 2655 sint
503 2612 563 2673 pro
590 2588 767 2678 Εὐρυίππη
795 2597 829 2653 et
856 2587 1097 2675 Εὐρυϊππίόης.
1154 2593 1251 2656 certe
1281 2593 1383 2656 eodem

348 2712 443 2775 modo
466 2706 611 2799 Εὐρώπη
639 2711 764 2775 videtur
790 2711 873 2772 dicto
902 2727 988 2785 esse,
1018 2710 1059 2770 de
1088 2730 1150 2789 qua
1177 2711 1218 2772 oi.
1241 2711 1383 2774 Weidner.
1455 2758 1456 2777 ,

349 2834 456 2896 Ueber
477 2832 548 2895 eine
569 2835 645 2894 oret.
668 2831 799 2894 Colonia
824 2831 858 2891 in
878 2829 1009 2891 Theben
1030 2848 1060 2909 p.
1082 2828 1124 2892 15
1145 2849 1213 2910 sqq.
1248 2832 1385 2913 Sophooi.

350 2951 503 3032 Captivos.
523 2950 564 3012 ir.
587 2950 617 3014 V
639 2948 746 3034 (titi.
761 2948 922 3027 Diodori.)
944 2951 1078 3036 μακρᾶς
1091 2945 1281 3037 Εὐρωπίας.
1314 2951 1385 3012 Tum
1455 2926 1456 2929 Ἴ

349 3089 447 3151 porro
469 3069 521 3130 hic
542 3068 649 3130 afferri
670 3075 777 3150 potest
799 3069 852 3148 qui
867 3069 950 3128 inter
966 3068 1140 3130 Archontes
1155 3071 1275 3134 Atticos
1288 3091 1387 3133 recoo-

351 3195 439 3251 setur
450 3178 637 3262 Εὕθιππος
659 3189 940 3269 eponym.01ymp.
958 3186 1011 3249 to.
1029 3187 1061 3248 4.
1104 3188 1134 3250 Is
1155 3189 1200 3250 ito
1222 3191 1386 3273 appellatus
1454 3156 1456 3239 i

352 3316 403 3371 est
427 3308 461 3368 in
487 3326 594 3369 marm
623 3306 693 3370 Par.
716 3326 746 3369 ιι.
769 3308 861 3369 2374.
890 3306 943 3368 74.
985 3307 1015 3369 A
1035 3307 1174 3370 Diodoro
1196 3311 1258 3373 Sin.
1280 3311 1330 3374 ΧΙ.
1350 3305 1387 3370 15

350 3427 463 3493 vitiose
485 3416 639 3501 Εὔιππος
662 3427 793 3500 dicitur,
820 3426 977 3493 annotarit
997 3425 1041 3487 ibi
1057 3426 1281 3511 Wesselingius
1303 3450 1328 3492 v.
1341 3425 1386 3490 IV.
1455 3482 1456 3485 ,

351 3547 415 3613 543
429 3548 520 3609 ltind.
542 3545 709 3623 hominem,
731 3547 785 3626 qui
799 3567 818 3606 a
830 3545 997 3608 Plutarcho
1013 3546 1131 3609 Cimon.
1145 3547 1234 3614 XVII
1247 3546 1388 3628 (Eoum
1455 3550 1456 3555 ’

352 3686 418 3729 που
447 3667 508 3728 τοῦ
527 3660 797 3753 Ἀναφλυστίου)
825 3669 1102 3742 commemoretur,
1129 3666 1231 3732 rideri
1254 3669 1387 3741 eundem,

352 3782 517 3866 genuinam
539 3789 642 3845 autem
663 3785 777 3865 lapidis
800 3804 869 3851 esse
884 3786 1081 3865 scripturam.
1124 3786 1199 3850 Fuit
1216 3809 1309 3870 quum
1326 3787 1389 3868 opi·

353 3905 464 3979 nabar,
499 3903 532 3964 in
568 3904 715 3969 chronico
748 3924 806 3984 pro
835 3904 869 3967 E
874 3901 1096 3971 ΥΘΙΠΙΙΟΣ
1126 3908 1293 3989 legendum
1324 3923 1389 3970 esso

353 4022 387 4085 Ε
393 4018 639 4098 ΥΦΙΠΠΟΣ,
661 4024 716 4085 ubi
729 4015 910 4111 Εὔφιππος
931 4025 1016 4094 foret
1036 4044 1095 4106 pro
1112 4019 1281 4117 Ἔφιππος
1295 4025 1388 4110 (quod

353 4143 479 4223 quidem
500 4161 614 4205 nomen
633 4146 785 4245 usitatum
801 4151 864 4221 eat,
889 4165 916 4207 v.
936 4165 969 4213 ιι.
989 4147 1083 4210 16411.
1103 4148 1239 4213 Meineir.
1264 4170 1294 4231 p.
1315 4145 1387 4223 ³51)

355 4263 614 4341 quemadmodum
635 4255 783 4354 εὔφηβος
799 4269 957 4347 reperitur
973 4287 1033 4351 pro
1051 4267 1187 4358 ἔφηβος,
1204 4266 1387 4334 ο1.11οεο11ι.
