3010 5088
749 462 1005 537 ..34-

361 658 453 738 Apud
475 653 654 717 Ciceronem
675 653 713 714 ad
730 653 866 716 Atticum
886 651 940 717 Vl.
960 650 995 714 ll.
1017 648 1038 709 t
1059 648 1139 711 hene
1153 647 1253 710 0relli
1275 667 1312 709 ex
1325 644 1409 709 Me-

363 779 450 840 diceo
478 776 605 853 aliisque
632 773 754 834 videtur
781 772 973 836 restituisse:
1005 771 1038 833 in
1059 770 1277 851 Trophoniana
1295 765 1410 829 Chae-

362 900 447 961 ronis
468 895 654 958 namatione.
695 892 816 976 Vulgo:
838 891 1001 956 Charonis.

698 1119 1065 1136 m

771 1318 928 1382 CAPUT
959 1319 995 1380 ll.

394 1494 578 1585 Nomina
595 1497 650 1578 ab
668 1492 790 1601 equis
807 1506 851 1578 et
867 1488 1089 1600 equitandi
1107 1505 1200 1577 arte
1217 1491 1363 1574 ducta.

451 1731 480 1814 ξ.
502 1731 554 1794 21.
597 1729 708 1806 „Satis
730 1729 878 1791 constat“
900 1726 934 1791 0.
955 1726 1008 1792 Fr.
1023 1725 1192 1788 Hermanni
1212 1731 1285 1789 sunt
1307 1726 1406 1789 verha
1477 1738 1478 1773 t

365 1855 396 1915 in
412 1851 625 1933 Disputatione
650 1852 689 1911 de
712 1850 866 1930 equitibus
878 1848 1001 1923 Atticis,
1022 1846 1184 1925 Marhurgi
1205 1844 1298 1907 1835.
1322 1866 1357 1928 p.
1373 1848 1406 1921 8,

368 1973 440 2050 „rei
462 1970 614 2052 equestris
637 1971 752 2031 cultum
774 1967 855 2047 apud
871 1966 1007 2028 Graecos
1029 1966 1196 2046 antiquitus
1219 1987 1286 2028 cum
1311 1967 1406 2028 nohi-

365 2095 455 2157 litate
476 2094 508 2152 et
529 2088 689 2169 prosapiae
707 2086 873 2167 splendore
887 2086 1057 2148 arctissime
1073 2088 1267 2149 coniunctam
1280 2085 1404 2159 tuisse3

366 2212 420 2292 qui
449 2229 542 2290 quum
570 2208 717 2268 maximos
745 2184 864 2269 sumtus
894 2212 986 2286 atque
1009 2206 1255 2268 exercitationem
1279 2205 1405 2268 diutur-

366 2351 435 2393 nam
455 2304 606 2410 exigeret,
629 2346 724 2406 equns
741 2328 826 2388 alere
845 2346 968 2406 semper
985 2327 1286 2407 opulentissimorum
1299 2326 1404 2388 homi-

366 2469 438 2510 num
454 2449 608 2529 peculiare
621 2448 714 2508 decus
728 2446 789 2508 init
803 2446 961 2526 (Aesohpl.
976 2448 1136 2513 Prometh.
1148 2448 1220 2509 446.
1238 2446 1402 2509 Demosth.
1480 2424 1481 2437 ἶ

368 2587 425 2649 pro
445 2587 558 2630 corona
576 2567 649 2630 cal.
666 2568 716 2631 18.
749 2565 864 2628 Lehrh.
881 2567 912 2632 d.
926 2566 1041 2647 griech-
1055 2568 1211 2633 Staatsalt,
1225 2566 1252 2649 ᾗ.
1264 2567 1312 2629 57.
1328 2568 1400 2644 2).“

368 2688 455 2749 Hanc
482 2688 640 2768 inprimis
662 2686 894 2749 Atheniensium
923 2686 1021 2748 fuisse
1043 2690 1224 2751 sententiam
1248 2706 1342 2767 quum
1365 2704 1404 2749 ex

369 2808 435 2869 aliis
447 2807 597 2869 institutis
613 2809 811 2887 intelligitur,
833 2813 868 2868 ut
881 2806 1016 2887 Neptuni
1031 2811 1062 2866 et
1072 2805 1230 2869 Minervae
1246 2815 1277 2870 et
1289 2806 1404 2869 Coloni

369 2928 559 3005 equestrium
581 2928 665 2989 cultu
687 2932 718 2988 et
741 2947 777 2988 ex
799 2928 1042 3012 ἱπποτροφίαις
1064 2926 1107 3003 (v.
1124 2927 1230 2989 Herm.
1252 2929 1307 2993 l.l.
1326 2949 1359 3009 p.
1372 2928 1402 2989 7.

296 3028 297 3031 Ἴ
367 3046 484 3125 Reisig.
506 3047 622 3106 Comm.
644 3044 710 3104 crit.
735 3046 774 3105 ad
796 3046 892 3125 Soph.
914 3047 994 3111 Oed.
1016 3048 1084 3111 Col.
1105 3067 1134 3127 p.
1152 3047 1224 3111 2214.
1266 3048 1402 3110 Boeclh.

370 3162 685 3227 necuciantes.
707 3163 729 3224 1.
744 3164 794 3232 ao.
828 3164 863 3224 c.
884 3165 908 3230 1.
937 3185 967 3227 n.
984 3167 1056 3229 aaa.
1071 3169 1100 3228 u.
1138 3167 1298 3247 aesopo.
1320 3169 1402 3231 uuo.
1481 3132 1482 3147 Ν

370 3285 408 3347 ah
430 3284 506 3364 in),
531 3289 597 3343 tum
631 3301 666 3342 ex
701 3281 837 3361 equiturn
866 3286 992 3363 ordine,
1028 3306 1118 3365 quem
1148 3307 1166 3347 a
1196 3286 1311 3351 Solone
1339 3307 1404 3349 nnn

369 3424 482 3467 nouum
503 3402 720 3479 constitutum,
744 3403 799 3463 sed
822 3405 861 3464 ad
872 3406 1026 3485 antiquam
1041 3425 1178 3469 normam
1192 3408 1224 3467 in
1238 3428 1293 3470 sus
1308 3428 1404 3489 repu-
1480 3418 1482 3463 2

260 3594 269 3613 ⁸
369 3523 450 3589 blica
470 3523 681 3584 confirmatum
701 3539 770 3583 esse
792 3526 961 3602 probabilis
977 3532 1025 3588 est
1035 3527 1203 3590 Hermanni
1215 3526 1403 3591 coniectura.

368 3642 477 3722 Neque
506 3643 586 3702 enirn
609 3642 692 3720 quod
714 3642 860 3706 Horatius
883 3645 922 3707 de
943 3646 1039 3709 Ulixis
1061 3649 1161 3726 patria
1182 3648 1273 3711 dixit:
1303 3649 1402 3723 „Non

369 3769 418 3825 cst
445 3768 534 3842 aptus
563 3764 649 3842 equis
674 3763 778 3825 ithace
805 3763 891 3825 locus
919 3772 953 3829 ut
980 3784 1079 3846 neque
1105 3769 1204 3847 plenis
1231 3769 1400 3833 Porrectus

371 3882 479 3963 spatiis
500 3901 557 3945 nec
578 3886 692 3945 multae
713 3884 861 3963 prodigus
882 3884 1027 3948 herhae“
1054 3904 1181 3966 prorsus
1207 3890 1240 3950 in
1265 3888 1402 3953 Atticam

371 4002 529 4079 convenit,
563 4004 649 4064 cuius
683 4003 797 4078 solum,
832 4004 892 4064 etsi
918 4004 1029 4067 Martis
1064 4008 1224 4071 orchestra
1250 4007 1399 4089 appellari

370 4141 432 4184 non
446 4128 567 4201 potest,
589 4126 691 4184 tameo
706 4123 932 4203 septentriones
944 4145 1051 4189 versus
1069 4129 1143 4189 satis
1156 4128 1267 4190 idonea
1280 4127 1399 4193 alendis

370 4247 403 4304 et
429 4243 605 4306 exercendis
634 4245 721 4325 equis
749 4244 848 4325 spatia
873 4245 981 4309 hahuit
1001 4253 1034 4310 et
1055 4247 1269 4313 Marathonem
1291 4252 1397 4325 ὲπιτη·
1481 4220 1482 4299 3
