2960 5080
522 454 816 596 ..ιιι-ἕ

128 712 271 794 exempla
298 714 444 796 corrupta
469 709 541 775 sint.
584 710 665 773 Hirro
694 710 786 773 multi
812 709 911 789 tltull,
941 712 1099 779 breviores
1120 718 1169 780 lu·

126 833 257 915 primis,
281 851 410 912 quonum
424 831 598 913 fragmenta
611 837 730 893 tantum
744 836 883 908 exstant,
905 830 1082 896 dlitleililmi
1094 843 1168 900 sunt

128 952 172 1014 ad
188 949 434 1022 restituendum
455 967 513 1012 nee
535 956 584 1012 est
605 971 662 1012 eur
682 952 848 1027 miremur,
870 954 897 1013 si
910 952 1059 1015 Boeekhli
1079 957 1167 1036 inge*
1272 978 1274 983 ‘

126 1073 217 1164 niusa
240 1069 458 1154 perspicacitas
482 1075 514 1130 ot
536 1071 696 1151 diligentia
716 1069 874 1132 indefessa
894 1071 926 1131 lu
944 1072 1095 1134 eiusmodi
1115 1094 1167 1136 re·
1193 1134 1197 1141 ,

125 1190 233 1271 liquils
246 1190 444 1253 emendandis
457 1193 587 1253 multum
598 1192 742 1253 laborare
753 1191 919 1272 dedignata
930 1190 980 1253 sit.
1009 1193 1168 1258 interdum

125 1310 155 1373 ls
184 1310 376 1391 gravioribus
411 1311 522 1374 studiis
551 1329 676 1390 operam
705 1329 818 1374 navans
852 1311 928 1374 satls
958 1312 1066 1375 habult
1093 1315 1168 1377 talia

126 1430 347 1512 proposuisse,
369 1449 448 1510 quae
469 1428 500 1491 iu
521 1431 625 1510 aliqua
645 1431 711 1492 veri
732 1432 837 1511 speeie
858 1450 917 1494 nee
936 1432 998 1494 sibi
1018 1434 1078 1514 ipsi
1100 1436 1168 1515 qui·

10 1610 11 1615 ,
127 1549 201 1610 dem
232 1549 413 1613 satisfacere
438 1552 488 1613 rel
518 1550 643 1612 disertis
672 1554 775 1613 verbis
798 1553 846 1613 vel
868 1552 1010 1631 apposito
1032 1554 1168 1617 interro-

126 1669 221 1750 gandi
241 1670 330 1752 siguo
345 1671 498 1733 indicavit.
541 1671 611 1733 Alis
623 1690 752 1751 prorsus
766 1690 827 1732 uon
842 1673 954 1753 attigit.
997 1674 1168 1757 Utriusque

125 1790 253 1871 generis
281 1791 367 1852 loeus
395 1792 513 1871 aliquot
534 1790 709 1871 proferam,
737 1789 768 1852 in
791 1790 902 1871 quilius
925 1791 952 1853 sl
973 1811 1032 1855 nee
1052 1813 1112 1876 ego
1133 1797 1167 1858 ld

125 1908 213 1990 quud
232 1928 339 1970 veroin
361 1916 411 1974 est
431 1918 590 1973 assecutus
611 1911 720 1987 fuero,
753 1909 846 1972 faeile
868 1911 1057 1990 Boeoldiius,
1089 1934 1167 1996 quaa

125 2034 177 2090 est
198 2028 257 2090 riri
279 2030 389 2109 optimi
410 2031 603 2106 liumanltrs,
626 2029 744 2092 erranti
765 2030 917 2111 ignoscet.

211 2150 245 2212 lu
273 2151 365 2211 titulo
393 2169 426 2218 ιι.
450 2148 520 2215 187.
543 2170 570 2213 ι.
599 2149 652 2233 qul
681 2170 699 2212 a
720 2148 846 2212 sinistra
867 2150 995 2213 mutilus
1016 2157 1067 2215 ast
1087 2169 1114 2219 ι.
1138 2155 1167 2221 1.

123 2267 205 2333 liaeo
226 2276 406 2350 supersuntr
769 2304 772 2311 ·

406 2385 892 2456 ΙΣΟΛΩΡΟΣΤΟΣΙΜΟΥ
1172 2472 1175 2477 ἡ

10 2506 14 2515 ’
124 2527 165 2571 ex
203 2509 316 2590 quibus
350 2512 524 2576 lloeelhius
561 2504 663 2575 linxit
684 2505 881 2596 ,Ἰσόδωριις
901 2510 949 2590 (i)
979 2511 1166 2595 Zoutuoo‘t

123 2629 196 2691 Non
219 2649 289 2692 eum
310 2631 393 2712 fugit
415 2634 587 2713 exspectari
606 2629 817 2715 Ἰσίδωρος
839 2631 928 2710 (vide
948 2650 1042 2711 supra
1060 2630 1087 2715 3.
1107 2633 1166 2711 3.),
1205 2611 1208 2616 ⁸

126 2751 386 2828 quemadmodum
422 2772 450 2814 ι.
479 2753 509 2815 9.
544 2753 625 2814 bene
657 2752 778 2813 litteras
814 2745 1003 2813 ΙΔΟΤΟΣ
1032 2754 1168 2832 explevit

125 2864 305 2947 Ἰσ]ίὸοτος.
329 2873 432 2952 Quare
452 2873 584 2936 restituo
606 2861 789 2959 Κηφ1ισό
796 2866 816 2930 ὃ
822 2892 939 2954 capue,
954 2871 1038 2951 quod
1054 2890 1167 2936 numen

130 2989 208 3068 apud
222 2991 345 3053 Atticos
366 2993 459 3073 longe
482 2998 550 3055 erat
571 2989 866 3071 frequentissimum,
886 3009 914 3053 ι.
926 2990 958 3054 C.
972 2992 995 3055 -l.
1019 3012 1049 3055 u.
1063 2993 1116 3055 35.
1133 2997 1165 3058 3.

124 3124 156 3171 ιι.
180 3110 252 3176 133.
274 3112 305 3173 3.
327 3112 358 3178 4.
381 3112 431 3176 14.
459 3131 487 3175 ιι.
511 3113 582 3175 133.
606 3112 658 3178 18.
685 3129 715 3175 ιι.
738 3109 810 3173 135.
831 3113 867 3173 11.
890 3110 943 3177 53.
966 3133 995 3175 ιι.
1019 3114 1090 3175 137.
1113 3116 1165 3176 33.

122 3246 155 3292 ιι.
172 3230 243 3297 139.
264 3232 286 3296 l.
309 3232 361 3294 33.
382 3248 411 3293 n.
426 3233 499 3295 334.
520 3231 552 3299 5.
574 3251 602 3294 ιι.
614 3232 688 3293 393.
732 3228 871 3293 Observa
890 3234 999 3309 simul,
1022 3236 1165 3299 omnibus

122 3348 175 3414 lus
204 3351 281 3414 lueis
311 3352 442 3434 simplex
468 3372 540 3415 esse
562 3353 683 3434 Sigma,
712 3351 797 3431 quod
829 3355 861 3412 et
881 3351 913 3413 iu
934 3351 1060 3413 nomine
1080 3352 1166 3417 lluvll

121 3471 224 3553 ipsius
251 3478 284 3533 et
311 3472 344 3533 in
373 3474 552 3555 eompositls
580 3473 703 3553 saepius
721 3472 905 3552 reperitur,
940 3491 968 3534 v.
998 3467 1165 3559 Κηφεισόέ

123 3592 232 3677 duoque
246 3612 276 3656 ιι.
291 3593 364 3658 245.
377 3593 413 3656 11.
427 3590 477 3654 12.
506 3584 738 3681 Κηφισοδώρα
753 3611 781 3653 n.
798 3593 868 3654 397.
886 3594 915 3655 3.
932 3611 961 3656 ιι.
971 3591 1064 3654 1339.
1076 3612 1102 3654 e.
1112 3594 1165 3657 14.

123 3708 368 3804 Κηφισόδοτος
390 3733 428 3776 ιι.-
445 3715 496 3776 87.
518 3715 569 3776 33.
592 3731 622 3774 ιι.
639 3712 709 3774 135.
723 3714 743 3774 Ι.
759 3702 859 3775 3311.
874 3709 925 3772 51.
947 3726 976 3772 ιι.
991 3710 1062 3776 139.
1078 3713 1099 3775 Ι.
1114 3714 1164 3776 lo:

123 3835 342 3925 Κηφισοφῶν
364 3854 394 3900 ιι.
417 3835 489 3897 138.
512 3836 544 3898 3.
564 3836 593 3897 4.
617 3834 665 3897 14.
688 3852 717 3894 ιι.
741 3832 812 3893 153.
828 3833 864 3896 Α.
887 3830 916 3890 3.
938 3833 1164 3896 31731115.
1235 3830 1242 3841 “

10 4012 11 4023 .
124 3978 155 4021 ιι.
169 3954 242 4018 545.
257 3956 285 4018 1.
308 3975 337 4018 ιι.
360 3956 431 4019 539.
441 3959 470 4018 2.
513 3949 755 4043 Κηφισόὸημος
776 3951 935 4033 Aristoph.
955 3952 1086 4015 Aeharn.
1101 3953 1165 4016 795

123 4079 236 4144 111ιιιι1.
267 4078 326 4144 0d.
348 4078 491 4140 Mueller.
524 4075 669 4138 Orchom.
697 4094 741 4155 p.=
761 4073 832 4136 479.
876 4072 923 4134 lle
950 4075 1074 4135 nomine
1095 4073 1162 4153 Κη-

127 4196 226 4291 φισός
251 4200 291 4262 ot'.
313 4198 496 4279 Bernhardy
515 4197 642 4276 Dionys.
651 4195 773 4276 Perieg.
792 4194 828 4254 11.
850 4212 879 4273 p.
896 4194 974 4268 334,
996 4192 1162 4256 Hermann.

127 4324 169 4389 ad
191 4323 339 4406 Sophoel.
361 4318 471 4401 oedip.
494 4318 602 4381 colon.
623 4334 649 4379 ι.
673 4316 752 4392 393,
783 4313 836 4395 qul
863 4318 971 4374 tamen
985 4313 1163 4395 mseriptlo·
